%%%%%%%%%%%%%%%%%%%%%%%%%%%%%%%%%%%%%%%%%%%%%%%%%%%%%%%%%%%%%%%%%%%%%%
%
% This is a bibliography template for use in writing Junior Lab
% related reports, papers, and documents.
%
% It is called sample-paper.bib and is located at
% /mit/8.13/www/Samplepaper/sample-paper.bib
%
%%%%%%%%%%%%%%%%%%%%%%%%%%%%%%%%%%%%%%%%%%%%%%%%%%%%%%%%%%%%%%%%%%%%%%



@ARTICLE{Rossi2005,
	author={Michele Rossi and Lorenzo Zaninetti},
	title={The cubic period-distance relation for the Kater reversible pendulum},
	journal={Central European Science Journals},
	volume={3},
	pages={636-659},
	year={2005}}
	
@ARTICLE{Jesse1972,
	author={K.E. Jesse and H.J. Born},
	title={NOTES: Possible Sources of Error When Using the Kater Pendulum},
	journal={The Physics Teacher},
	volume={10},
	pages={466},
	year={1972}}
	
@ARTICLE{Allen1906,
	author={A.O. Allen},
	title={On the Adjustment of Kater's Pendulum},
	journal={The Mathematical Gazette},
	volume={3},
	pages={307-313},
	year={1906},
		number={57},
		month={May}}

@ARTICLE{Jesse1980,
	author={Kenneth E. Jesse},
	title={Kater pendulum modification},
	journal={American Journal of Physics},
	volume={48},
	pages={785},
	year={1980}}
	
@ARTICLE{Candela2001,
	author={D. Candela, K.M. Martini, R.V. Krotkov, and K.H. Langley},
	title={Bessel's improved Kater pendulum in the teaching lab},
	journal={American Journal of Physics},
	volume={69},
	pages={714-720},
	year={2001}}

%
% Below is a list of possible bibliography entries along with their required and optional fields
%    Taken from the wikipedia entry for BibTeX at http://en.wikipedia.wiki/BibTeX 19-Nov-2007
%
%
%

%article
%    An article from a journal or magazine.
%    Required fields: author, title, journal, year
%    Optional fields: volume, number, pages, month, note, key
%book
%    A book with an explicit publisher.
%    Required fields: author/editor, title, publisher, year
%    Optional fields: volume, series, address, edition, month, note, key
%booklet
%    A work that is printed and bound, but without a named publisher or sponsoring institution.
%    Required fields: title
%    Optional fields: author, howpublished, address, month, year, note, key
%conference
%    The same as inproceedings, included for Scribe (markup language) compatibility.
%    Required fields: author, title, booktitle, year
%    Optional fields: editor, pages, organization, publisher, address, month, note, key
%inbook
%    A part of a book, which may be a chapter (or section or whatever) and/or a range of pages.
%    Required fields: author/editor, title, chapter/pages, publisher, year
%    Optional fields: volume, series, address, edition, month, note, key
%incollection
%    A part of a book having its own title.
%   Required fields: author, title, booktitle, year
%    Optional fields: editor, pages, organization, publisher, address, month, note, key
%inproceedings
%    An article in a conference proceedings.
%    Required fields: author, title, booktitle, year
%    Optional fields: editor, pages, organization, publisher, address, month, note, key
%manual
%    Technical documentation.
%    Required fields: title
%    Optional fields: author, organization, address, edition, month, year, note, key
%mastersthesis
%    A Master's thesis.
%    Required fields: author, title, school, year
%    Optional fields: address, month, note, key
%misc
%    For use when nothing else fits.
%    Required fields: none
%    Optional fields: author, title, howpublished, month, year, note, key
%phdthesis
%    A Ph.D. thesis.
%    Required fields: author, title, school, year
%    Optional fields: address, month, note, key
%proceedings
%    The proceedings of a conference.
%    Required fields: title, year
%    Optional fields: editor, publisher, organization, address, month, note, key
%techreport
%    A report published by a school or other institution, usually numbered within a series.
%    Required fields: author, title, institution, year
%    Optional fields: type, number, address, month, note, key
%unpublished
%   A document having an author and title, but not formally published.
%    Required fields: author, title, note
%    Optional fields: month, year, key
