%%%%%%%%%%%%%%%%%%%%%%%%%%%%%%%%%%%%%%%%%%%%%%%%%%%%%%%%%%%%%%%%%%%%%%
%
% This is a bibliography template for use in writing Junior Lab
% related reports, papers, and documents.
%
% It is called sample-paper.bib and is located at
% /mit/8.13/www/Samplepaper/sample-paper.bib
%
%%%%%%%%%%%%%%%%%%%%%%%%%%%%%%%%%%%%%%%%%%%%%%%%%%%%%%%%%%%%%%%%%%%%%%

@BOOK {distributions,
    author    = "J.H. Watt and Sjef van den Berg",
    title     = "Research Methods For Communication Science",
    publisher = "Academic Press",
    year      = "2002",
    url = "http://www.cios.org/readbook/rmcs/ch09.pdf"
}

@BOOK {scriptedExperiment,
    author    = "Jeffrey R. Schmidt",
    title     = "Advanced Experiments in Physics. Physics 306",
    publisher = "University of Wisconsin-Parkside",
    year      = "2005",
    url="http://www.qsl.net/k0ff/Lab%20Experiments%20With%20Absorbers/1Lab%20Experiments%20with%20Absorbers/306book.pdf"
}

@ARTICLE {geigerTube,
    author  = "Unattributed",
    title   = "Geiger-Muller Tube",
    journal = "Wikipedia",
    year    = "2016",
    url="https://en.wikipedia.org/wiki/Geiger%E2%80%93M%C3%BCller_tube"
}

@MISC {townsend,
    author = "Greg Severn",
    title  = "Introduction To Gas Discharges",
    note="\url{http://home.sandiego.edu/~severn/intro_gas_discharges.pdf}"
}

@MISC {Co60,
    title     = "Cobalt 60 Reference Sheet",
    note="\url{http://ehsrms.uaa.alaska.edu/RSDSCo60.pdf}",
    author = "University of Alaska"
}

@MISC {introGeiger,
    author = "P. Siegel",
    title  = "Introduction To Geiger Counters",
    note ="\url{https://www.cpp.edu/~pbsiegel/bio431/texnotes/chapter4.pdf}"
}

@MISC {atten,
    author = "Non-Destructive Testing Resource Center",
    title  = "Transmitted Intensity and Linear Attenuation Coefficient",
    note = "\url{https://www.nde-ed.org/EducationResources/CommunityCollege/Radiography/Physics/attenuationCoef.htm}"
}